<record><leader>00000cas a22000007i 4500</leader><controlfield tag="001">824502606</controlfield><controlfield tag="008">130116c20139999okudn n       0   a0eng  </controlfield><datafield ind1=" " ind2=" " tag="010"><subfield code="a">  2013201020</subfield></datafield><datafield ind1=" " ind2=" " tag="040"><subfield code="a">DLC</subfield><subfield code="b">eng</subfield><subfield code="e">rda</subfield><subfield code="c">DLC</subfield><subfield code="d">OCLCQ</subfield></datafield><datafield ind1=" " ind2=" " tag="012"><subfield code="m">1</subfield></datafield><datafield ind1="0" ind2=" " tag="022"><subfield code="a">2326-2435</subfield><subfield code="2">1</subfield></datafield><datafield ind1=" " ind2=" " tag="032"><subfield code="a">643880</subfield><subfield code="b">USPS</subfield></datafield><datafield ind1=" " ind2=" " tag="037"><subfield code="b">20 East 5th St., Tulsa, OK 74103</subfield></datafield><datafield ind1=" " ind2=" " tag="042"><subfield code="a">nsdp</subfield><subfield code="a">pcc</subfield></datafield><datafield ind1="1" ind2="0" tag="050"><subfield code="a">ISSN RECORD</subfield></datafield><datafield ind1="0" ind2="0" tag="082"><subfield code="a">070</subfield><subfield code="2">23</subfield></datafield><datafield ind1=" " ind2="0" tag="222"><subfield code="a">Tulsa business &amp; legal news</subfield></datafield><datafield ind1="0" ind2="0" tag="245"><subfield code="a">Tulsa business &amp; legal news.</subfield></datafield><datafield ind1="3" ind2=" " tag="246"><subfield code="a">Tulsa business and legal news</subfield></datafield><datafield ind1=" " ind2="1" tag="264"><subfield code="a">Tulsa, OK :</subfield><subfield code="b">Community Publishers, Inc.,</subfield><subfield code="c">2013-</subfield></datafield><datafield ind1=" " ind2=" " tag="310"><subfield code="a">Daily (except Saturday, Sunday and legal holidays</subfield></datafield><datafield ind1=" " ind2=" " tag="336"><subfield code="a">text</subfield><subfield code="b">txt</subfield><subfield code="2">rdacontent</subfield></datafield><datafield ind1=" " ind2=" " tag="337"><subfield code="a">unmediated</subfield><subfield code="b">n</subfield><subfield code="2">rdamedia</subfield></datafield><datafield ind1=" " ind2=" " tag="338"><subfield code="a">volume</subfield><subfield code="b">nc</subfield><subfield code="2">rdacarrier</subfield></datafield><datafield ind1="1" ind2=" " tag="362"><subfield code="a">Began with vol. 103, no. 212 (Jan. 2, 2013).</subfield></datafield><datafield ind1=" " ind2=" " tag="588"><subfield code="a">Description based on: Vol. 103, no. 212 (Jan. 2, 2013) (surrogate); title from caption.</subfield></datafield><datafield ind1=" " ind2=" " tag="588"><subfield code="a">Latest issue consulted: Vol. 103, no. 212 (Jan. 2, 2013) (surrogate).</subfield></datafield><datafield ind1="0" ind2="0" tag="780"><subfield code="t">Tulsa daily commerce &amp; legal news</subfield><subfield code="x">1054-2493</subfield><subfield code="w">(DLC)sn 90005358</subfield><subfield code="w">(OCoLC)22791389</subfield></datafield><datafield ind1="4" ind2="2" tag="856"><subfield code="u">http://tulsabusiness.com/</subfield></datafield></record>